<?xml version="1.0" encoding="UTF-8"?><collection xmlns="http://www.loc.gov/MARC21/slim"><record><leader>00405nam--2200109-i-4500</leader><controlfield tag="001">000011520</controlfield><controlfield tag="002">20161230</controlfield><controlfield tag="005">20161230201029</controlfield><controlfield tag="008">060222s1000------------r-----000-0-eng-d</controlfield><datafield ind1=" " ind2=" " tag="245"><subfield code="a">Optical and acoustical. holography. proceeding s of the nato advanced study institute on opti cal and acoustical holography milan, may 24 - june 4, 1971</subfield></datafield><datafield ind1=" " ind2=" " tag="490"><subfield code="a">New York, Plenum Press, 1972 Xi + 435 P</subfield></datafield><datafield ind1=" " ind2=" " tag="700"><subfield code="a">Camatini, Ezio</subfield></datafield></record></collection>